@article{Akca2010,
    author = {Akca, Devrim and Freeman, Mark and Sargent, Isabel and Gruen, Armin},
    doi = {10.1111/j.1477-9730.2010.00598.x},
    file = {:home/ethiy/Documents/Mendeley Desktop/2010/Akca et al/Akca et al.{\_}2010{\_}Quality assessment of 3D building data.pdf:pdf},
    isbn = {1477-9730},
    issn = {0031868X},
    journal = {The Photogrammetric Record},
    keywords = {3d building model,3d comparison,assessment,lidar,point cloud,quality,surface co-registration},
    number = {132},
    pages = {339--355},
    title = {{Quality assessment of 3D building data}},
    url = {http://doi.wiley.com/10.1111/j.1477-9730.2010.00598.x},
    volume = {25},
    year = {2010}
}
@article{Awrangjeb2014,
    author = {Awrangjeb, Mohammad and Fraser, Clive S.},
    doi = {10.1109/JSTARS.2014.2318694},
    file = {:home/ethiy/Documents/Mendeley Desktop/2014/Awrangjeb, Fraser/Awrangjeb, Fraser{\_}2014{\_}An automatic and threshold-free performance evaluation system for building extraction techniques from airborne LI.pdf:pdf},
    isbn = {1939-1404},
    issn = {21511535},
    journal = {IEEE Journal of Selected Topics in Applied Earth Observations and Remote Sensing},
    keywords = {Automatic,Building,Detection,Evaluation,Extraction,Performance,Reconstruction,Roof,Threshold-free},
    number = {10},
    pages = {4184--4198},
    title = {{An automatic and threshold-free performance evaluation system for building extraction techniques from airborne LIDAR data}},
    volume = {7},
    year = {2014}
}
@article{Becker2010,
    author = {Becker, C. and Breitkopf, U. and Busch, a. and Heipke, C. and Helmholz, P. and Ostermann, J. and Pahl, M. and Vogt, K. and Ziems, M.},
    file = {:home/ethiy/Documents/Mendeley Desktop/2010/Becker et al/Becker et al.{\_}2010{\_}Semiautomatic Quality Control of Topographic Reference Datasets.pdf:pdf},
    issn = {16821750},
    journal = {Isprs Tc Iv},
    keywords = {automation,classification,extraction,gis,inspection,object,quality,updating},
    pages = {2--7},
    title = {{Semiautomatic Quality Control of Topographic Reference Datasets}},
    url = {http://ftp.tnt.uni-hannover.de/papers/data/871/2010{\_}Helmholz{\_}et{\_}al{\_}SemiautomaticQualityControlOfTopographicReferenceDatasets{\_}01.pdf},
    year = {2010}
}
@article{Bermano2014,
    archivePrefix = {arXiv},
    arxivId = {arXiv:1204.6216v2},
    author = {Bermano, Amit H and Bradley, Derek and Beeler, Thabo and Fabio, Z and Nowrouzezahrai, Derek and Baran, Ilya and Sorkine, Olga and Pfister, Hanspeter and Sumner, Robert W and Bickel, Bernd and Gross, Markus and Zurich, E T H},
    doi = {10.1145/XXXXXXX.YYYYYYY},
    eprint = {arXiv:1204.6216v2},
    file = {:home/ethiy/Documents/Mendeley Desktop/2014/Bermano et al/Bermano et al.{\_}2014{\_}Edit Propagation using Geometric Relationship Functions.pdf:pdf},
    isbn = {0103660054},
    issn = {07300301},
    journal = {Siggraph},
    number = {212},
    pages = {1--12},
    pmid = {22641411},
    title = {{Edit Propagation using Geometric Relationship Functions}},
    volume = {1},
    year = {2014}
}
@article{Biljecki2017,
    author = {Biljecki, F and Ledoux, H and Stoter, J},
    doi = {10.1016/j.compenvurbsys.2017.01.001},
    file = {:home/ethiy/Documents/Mendeley Desktop/2017/Biljecki, Ledoux, Stoter/Biljecki, Ledoux, Stoter{\_}2017{\_}Generating 3D city models without elevation data.pdf:pdf},
    isbn = {0000000213},
    issn = {01989715},
    journal = {Computers, Environment and Urban Systems},
    keywords = {3D city models; Building height; CityGML; LOD1; R,Decision trees; Geographic information systems; Le,Three dimensional computer graphics,building; cadastre; data set; elevation; GIS; lid},
    number = {64},
    pages = {1--18},
    title = {{Generating 3D city models without elevation data}},
    url = {https://www.scopus.com/inward/record.uri?eid=2-s2.0-85009347977{\&}doi=10.1016{\%}2Fj.compenvurbsys.2017.01.001{\&}partnerID=40{\&}md5=2999c2052780c3cb0d09e45ae14b633b},
    volume = {64},
    year = {2017}
}
@article{Biljecki2015,
    author = {Biljecki, Filip and Stoter, Jantien and Ledoux, Hugo and Zlatanova, Sisi and {\c{C}}{\"{o}}ltekin, Arzu},
    doi = {10.3390/ijgi4042842},
    file = {:home/ethiy/Documents/Mendeley Desktop/2015/Biljecki et al/Biljecki et al.{\_}2015{\_}Applications of 3D City Models State of the Art Review.pdf:pdf},
    isbn = {2220-9964},
    issn = {2220-9964},
    journal = {ISPRS International Journal of Geo-Information},
    keywords = {3D GIS,3D building models,3D city models,3D geoinformation,CityGML,GIScience,LiDAR,application,urban models,use case},
    number = {4},
    pages = {2842--2889},
    title = {{Applications of 3D city models: state of the art review}},
    url = {http://www.mdpi.com/2220-9964/4/4/2842},
    volume = {4},
    year = {2015}
}
@article{Borkowski2012,
    author = {Borkowski, A and Jozkow, G},
    doi = {10.5194/isprsarchives-XXXIX-B3-253-2012},
    file = {:home/ethiy/Documents/Mendeley Desktop/2012/Borkowski/Borkowski{\_}2012{\_}Accuracy assessment of building models created from laser scanning data.pdf:pdf},
    issn = {2194-9034},
    journal = {The International Archives of the Photogrammetry, Remote Sensing and Spacial Information Sciences},
    keywords = {accuracy,architecture,lidar,modelling,three-dimensional,tls},
    number = {September},
    pages = {253--258},
    title = {{Accuracy Assessment of Building Models Created From Laser Scanning Data}},
    volume = {XXXIX-B3},
    year = {2012}
}
@article{Borkowski2014,
    author = {Borkowski, Andrzej and Jozkow, Grzegorz and Ziaja, Marcin},
    file = {:home/ethiy/Documents/Mendeley Desktop/2014/Borkowski, Jozkow, Ziaja/Borkowski, Jozkow, Ziaja{\_}2014{\_}Accuracy of 3D Building Models Created Using Terrestrial and Airborne Laser Scanning Data Accuracy of 3D B.pdf:pdf},
    keywords = {3d modelling,accuracy,airborne laser scanning,terrestrial laser scanning},
    number = {June},
    pages = {1--10},
    title = {{Accuracy of 3D Building Models Created Using Terrestrial and Airborne Laser Scanning Data Accuracy of 3D Building Models Created Using Terrestrial and Airborne Laser Scanning Data}},
    year = {2014}
}
@article{boudet2006supervised,
	title={{A supervised classification approach towards quality self-diagnosis of 3D building models using digital aerial imagery}},
	author={Boudet, Laurence and Paparoditis, Nicolas and Jung, Franck and Martinoty, Gilles and Pierrot-Deseilligny, Marc},
	journal={International Archives of the Photogrammetry, Remote Sensing and Spatial Information Sciences},
	volume={36},
	number={3},
	pages={136--141},
	year={2006}
}

@inproceedings{Bredif2007,
    author = {Br{\'{e}}dif, M. and Boldo, D. and Pierrot-Deseilligny, M. and Ma{\^{i}}tre, H.},
    booktitle = {International Conference on Image Processing},
    title = {{3D building reconstruction with parametric roof superstructures}},
    year = {2007}
}
@inproceedings{Bredif2008,
    author = {Br{\'{e}}dif, Mathieu and Boldo, Dider and Pierrot-Deseilligny, Marc and Ma{\^{i}}tre, Henri},
    booktitle = {International Conference on Image Processing},
    title = {{3D Building Model Fitting Using A New Kinetic Framework}},
    year = {2008}
}
@article{Dornaika2008,
    author = {Dornaika, F and Br{\'{e}}dif, M.},
    file = {:home/ethiy/Documents/Mendeley Desktop/2008/Dornaika, Br{\'{e}}dif/Dornaika, Br{\'{e}}dif{\_}2008{\_}An efficient approach to building superstructure reconstruction using digital elevation maps.pdf:pdf},
    journal = {Int. Arch. Photogrammetry, Remote Sens., Spatial Information Sc},
    keywords = {building modeling,building superstructure,digital elevation map,model-based reconstruction,parameter fitting},
    pages = {179--184},
    title = {{An efficient approach to building superstructure reconstruction using digital elevation maps}},
    url = {http://recherche.ign.fr/labos/matis/pdf/articles{\_}conf/2008/dornaika{\_}isprs2008.pdf},
    year = {2008}
}
@article{Durupt2006,
    author = {Durupt, M and Taillandier, F},
    file = {:home/ethiy/Documents/Mendeley Desktop/2006/Durupt, Taillandier/Durupt, Taillandier{\_}2006{\_}Automatic building reconstruction from a digital elevation model and cadastral data an operational approach.pdf:pdf},
    journal = {International Archives of the Photogrammetry, Remote Sensing and Spatial Information Sciences},
    keywords = {building,cadastral maps,digital elevation model,dimensional modeling,plane extraction,polyhedral surface,ransac,three-},
    number = {3},
    pages = {142--147},
    title = {{Automatic building reconstruction from a Digital Elevation Model and cadastral data: an operational approach}},
    volume = {36},
    year = {2006}
}
@inproceedings{Elberink2007,
    author = {Elberink, Sander J. Oude and Vosselman, George},
    booktitle = {ISPRS Workshop on Laser Scanning},
    file = {:home/ethiy/Documents/Mendeley Desktop/2007/Elberink, Vosselman/Elberink, Vosselman{\_}2007{\_}Quality analysis of 3d road reconstruction.pdf:pdf},
    keywords = {3d road reconstruction,data fusion,laser scanner data,quality analysis,topographic features},
    pages = {305--310},
    title = {{Quality analysis of 3d road reconstruction}},
    volume = {XXXVI},
    year = {2007}
}
@article{OudeElberink2010,
    author = {{Oude Elberink}, Sander},
    journal = {ISPRS Annals of the Photogrammetry, Remote Sensing and Spatial Information Sciences},
    keywords = {buildings,laser scanner data,quality analysis},
    pages = {198--203},
    title = {{Quality measures for building reconstruction from airborne laser scanner data}},
    volume = {XXXVIII},
    year = {2010}
}
@article{Elberink2009,
    author = {Elberink, Sander Oude and Vosselman, George},
    doi = {10.3390/s90806101},
    file = {:home/ethiy/Documents/Mendeley Desktop/2009/Elberink, Vosselman/Elberink, Vosselman{\_}2009{\_}Building reconstruction by target based graph matching on incomplete laser data Analysis and limitations.pdf:pdf},
    isbn = {1424-8220},
    issn = {14248220},
    journal = {Sensors},
    keywords = {Building reconstruction,Incomplete data,Laser scanner data,Target graph matching},
    number = {8},
    pages = {6101--6118},
    pmid = {22454574},
    title = {{Building reconstruction by target based graph matching on incomplete laser data: Analysis and limitations}},
    volume = {9},
    year = {2009}
}
@article{Fuda2015,
    author = {Fuda, S. and Aletta, F. and Kang, J. and Astolfi, A.},
    doi = {10.1016/j.egypro.2015.11.101},
    file = {:home/ethiy/Documents/Mendeley Desktop/2015/Fuda et al/Fuda et al.{\_}2015{\_}Sound Perception of Different Materials for the Footpaths of Urban Parks.pdf:pdf},
    isbn = {1876-6102},
    issn = {18766102},
    journal = {Energy Procedia},
    keywords = {Noise annoyance,Sound perception,Soundscape,Urban parks},
    pages = {13--18},
    publisher = {Elsevier B.V.},
    title = {{Sound perception of different materials for the footpaths of urban parks}},
    url = {http://dx.doi.org/10.1016/j.egypro.2015.11.101},
    volume = {78},
    year = {2015}
}
@article{Gold,
    author = {Gold, Christopher and Tse, Rebecca and Ledoux, Hugo},
    file = {:home/ethiy/Documents/Mendeley Desktop/Unknown/Gold, Tse, Ledoux/Gold, Tse, Ledoux{\_}Unknown{\_}Building Reconstruction – Outside and In Euler Operators to create a tunnel or bridge.pdf:pdf},
    journal = {Construction},
    title = {{Building Reconstruction – Outside and In Euler Operators to create a tunnel or bridge}}
}
@article{Haala2010,
    author = {Haala, Norbert and Kada, Martin},
    doi = {10.1016/j.isprsjprs.2010.09.006},
    file = {:home/ethiy/Documents/Mendeley Desktop/2010/Haala, Kada/Haala, Kada{\_}2010{\_}An update on automatic 3D building reconstruction.pdf:pdf},
    isbn = {0924-2716},
    issn = {09242716},
    journal = {ISPRS Journal of Photogrammetry and Remote Sensing},
    keywords = {Automation,Building,Reconstruction,Three-dimensional,Urban},
    number = {6},
    pages = {570--580},
    publisher = {Elsevier B.V.},
    title = {{An update on automatic 3D building reconstruction}},
    url = {http://dx.doi.org/10.1016/j.isprsjprs.2010.09.006},
    volume = {65},
    year = {2010}
}
@article{Henricsson1997,
    author = {Henricsson, O. and Baltsavias, E.},
    file = {:home/ethiy/Documents/Mendeley Desktop/1997/Henricsson, Baltsavias/Henricsson, Baltsavias{\_}1997{\_}3-D Building Reconstruction with ARUBA A Qualitative and Quantitative Evaluation.pdf:pdf},
    journal = {Automatic Extraction of Man-Made Objects from Aerial and Space Images},
    pages = {65--76},
    title = {{3-D Building reconstruction with ARUBA: a qualitative and quantitative evaluation}},
    year = {1997}
}
@article{Jamet1995,
    author = {Jamet, O and Dissard, O and Airault, S},
    file = {:home/ethiy/Documents/Mendeley Desktop/1995/Jamet, Dissard, Airault/Jamet, Dissard, Airault{\_}1995{\_}Building Extraction from Stereo Pairs of Aerial Images Accuracy and Productivity Constraint of a Topographi.pdf:pdf},
    journal = {Automatic Extraction of Man-Made Objects from Aerial and Space Images},
    keywords = {aerial,building,city,urban},
    pages = {231--240},
    title = {{Building Extraction from Stereo Pairs of Aerial Images: Accuracy and Productivity Constraint of a Topographic Production Line}},
    year = {1995}
}
@article{Kaartinen2005,
  title={Accuracy of 3D city models: EuroSDR comparison},
  author={Kaartinen, H and Hyypp{\"a}, J and G{\"u}lch, E and Vosselman, G and Hyypp{\"a}, H and Matikainen, L and Hofmann, AD and M{\"a}der, U and Persson, {\AA} and S{\"o}derman, U and others},
  journal={International Archives of the Photogrammetry, Remote Sensing and Spatial Information Sciences},
  volume={36},
  number={3/W19},
  pages={227--232},
  year={2005}
}
@article{Lafarge2010,
    author = {Lafarge, Florent and Descombes, Xavier and Zerubia, Josiane and Pierrot-Deseilligny, Marc},
    doi = {10.1109/TPAMI.2008.281},
    file = {:home/ethiy/Documents/Mendeley Desktop/2010/Lafarge et al/Lafarge et al.{\_}2010{\_}Structural Approach for Building Reconstruction from a Single DSM.pdf:pdf},
    issn = {01628828},
    journal = {IEEE Transactions on Pattern Analysis and Machine Intelligence},
    keywords = {3D reconstruction,Digital surface model,Monte Carlo simulations,Stochastic models,Urban area},
    number = {1},
    pages = {135--147},
    pmid = {19926904},
    title = {{Structural approach for building reconstruction from a single DSM}},
    volume = {32},
    year = {2010}
}
@article{lafarge2012creating,
  title={{Creating large-scale city models from 3D-point clouds: a robust approach with hybrid representation}},
  author={Lafarge, Florent and Mallet, Cl{\'e}ment},
  journal={International Journal of Computer Vision},
  volume={99},
  number={1},
  pages={69--85},
  year={2012},
  publisher={Springer}
}
@article{Landes2012,
    author = {Landes, Tania and Boulaassal, Hakim and Grussenmeyer, Pierre},
    doi = {10.1111/j.1477-9730.2012.00674.x},
    file = {:home/ethiy/Documents/Mendeley Desktop/2012/Landes, Boulaassal, Grussenmeyer/Landes, Boulaassal, Grussenmeyer{\_}2012{\_}Quality assessment of geometric faade models reconstructed from TLS data.pdf:pdf},
    issn = {0031868X},
    journal = {Photogrammetric Record},
    keywords = {Fa??ade reconstruction,Quality assessment,Segmentation,Terrestrial laser scanning},
    number = {138},
    pages = {137--154},
    title = {{Quality assessment of geometric fa??ade models reconstructed from TLS data}},
    volume = {27},
    year = {2012}
}
@article{MacayMoreia2013,
    author = {{Macay Moreia}, J. M. and Nex, F. and Agugiaro, G. and Remondino, F. and Lim, N. J.},
    doi = {10.5194/isprsarchives-XL-1-W1-213-2013},
    issn = {1682-1777},
    journal = {International Archives of the Photogrammetry, Remote Sensing and Spatial Information Sciences},
    keywords = {3D buildings,City Model,DSM,Geometry,LoD,Quantitative analyses},
    number = {1},
    pages = {213--219},
    title = {{From DSM To 3D building models: a quantitative evaluation}},
    url = {http://www.int-arch-photogramm-remote-sens-spatial-inf-sci.net/XL-1-W1/213/2013/},
    volume = {XL-1/W1},
    year = {2013}
}
@article{McKeown2000,
    author = {McKeown, Dm and Bulwinkle, Ted},
    file = {:home/ethiy/Documents/Mendeley Desktop/2000/McKeown, Bulwinkle/McKeown, Bulwinkle{\_}2000{\_}Performance evaluation for automatic feature extraction.pdf:pdf},
    journal = {International Archives of the Photogrammetry , Remote Sensing and Spatial Information Sciences},
    keywords = {feature extraction,metrics,performance evaluation},
    pages = {379--394},
    title = {{Performance evaluation for automatic feature extraction}},
    url = {http://www.isprs.org/proceedings/XXXIII/congress/part2/379{\_}XXXIII-part2.pdf},
    volume = {XXXIII},
    year = {2000}
}
@article{Michelin2013,
    author = {Michelin, J.-C. and Tierny, J. and Tupin, F. and Mallet, C. and Paparoditis, N.},
    doi = {10.5194/isprsarchives-XL-7-W2-161-2013},
    issn = {2194-9034},
    journal = {ISPRS Annals of the Photogrammetry, Remote Sensing and Spatial Information Sciences},
    keywords = {3d city models,buildings,classification,error evaluation,feature extraction,self-diagnosis},
    pages = {161--166},
    title = {{Quality evaluation of 3D city building models with automatic error diagnosis}},
    url = {http://www.int-arch-photogramm-remote-sens-spatial-inf-sci.net/XL-7-W2/161/2013/},
    volume = {XL-7/W2},
    year = {2013}
}
@article{Musialski2012,
    author = {Musialski, Przemyslaw and Wonka, Peter and Aliaga, Daniel G and Wimmer, Michael and van Gool, Luc and Purgathofer, Werner},
    doi = {10.2312/conf/EG2012/stars/001-028},
    journal = {EUROGRAPHICS 2012 State of the Art Reports},
    keywords = {city reconstruction,facade modeling,image-based modeling,inverse-procedural modeling,multi-view stereo,state-of-the-art report,structure from motion,urban modeling,urban reconstruction},
    pages = {1--28},
    title = {{A survey of urban reconstruction}},
    url = {http://www.cg.tuwien.ac.at/research/publications/2012/musialski-2012-sur/},
    volume = {XX},
    year = {2012}
}
@inproceedings{Novel2015,
    author = {Novel, Cyril and Keriven, Renaud and Poux, Florent and Graindorge, Philippe},
    booktitle = {“Environmental Engineering” 10th International Conference},
    file = {:home/ethiy/Documents/Mendeley Desktop/2015/Novel et al/Novel et al.{\_}2015{\_}Comparing Aerial Photogrammetry and 3D Laser Scanning Methods for Creating 3D Models of Complex Objects.pdf:pdf},
    isbn = {0521540518},
    keywords = {3D modeling,3D reconstruction,accuracy,analysis,comparison,computer graphics,computer vision,out of core,photogrammetry,point cloud},
    number = {April},
    pages = {1--8},
    title = {{Comparing Aerial Photogrammetry and 3D Laser Scanning Methods for Creating 3D Models of Complex Objects}},
    url = {http://orbi.ulg.ac.be/handle/2268/190320},
    volume = {0},
    year = {2015}
}
@article{Poullis2013,
    author = {Poullis, C},
    doi = {10.1109/TPAMI.2013.64},
    isbn = {0162-8828},
    journal = {IEEE Transactions on Pattern Analysis and Machine Intelligence},
    keywords = {3D modeling,Clustering algorithms,Covariance matrices,Data models,Solid modeling,Surface treatment,Three-dimensional displays,Three-dimensional reconstruction,Vectors,automatic modeling,clustering,fast energy minimization process,pattern clustering,point cloud,point cloud data,segmentation,shape refinement,solid modelling,unsupervised clustering algorithm},
    number = {11},
    pages = {2563--2575},
    title = {{A Framework for Automatic Modeling from Point Cloud Data}},
    url = {http://ieeexplore.ieee.org/ielx7/34/6601604/06487512.pdf?tp={\&}arnumber=6487512{\&}isnumber=6601604},
    volume = {35},
    year = {2013}
}
@article{Ragia1998,
    author = {Ragia, Lemonia and Winter, Stephan},
    file = {:home/ethiy/Documents/Mendeley Desktop/1998/Ragia, Winter/Ragia, Winter{\_}1998{\_}CONTRIBUTIONS TO A QUALITY DESCRIPTION OF AREAL OBJECTS IN SPATIAL DATA SETS.pdf:pdf},
    journal = {International Archives of Photogrammetry and Remote Sensing},
    keywords = {building extraction,comparison of spatial entities,spatial data quality},
    title = {{CONTRIBUTIONS TO A QUALITY DESCRIPTION OF AREAL OBJECTS IN SPATIAL DATA SETS}},
    year = {1998}
}
@phdthesis{Scholze2002,
    author = {Scholze, Stephan},
    doi = {10.3929/ethz-a-010782581},
    file = {:home/ethiy/Documents/Mendeley Desktop/2002/Scholze/Scholze{\_}2002{\_}Research Collection.pdf:pdf},
    isbn = {8610828378018},
    pages = {1--211},
    school = {Swiss Federeal institute of technology Z{\"{u}}rich},
    title = {{Research Collection}},
    year = {2002}
}
@article{Scholze2002a,
    author = {Scholze, Stephan and Moons, Theo and Gool, Luc Van},
    file = {:home/ethiy/Documents/Mendeley Desktop/2002/Scholze, Moons, Gool/Scholze, Moons, Gool{\_}2002{\_}A Probabilistic Approach to Building Roof Reconstruction Using Semantic Labelling.pdf:pdf},
    journal = {Pattern Recognition},
    pages = {257--264},
    title = {{A Probabilistic Approach to Building Roof Reconstruction Using Semantic Labelling}},
    volume = {2449},
    year = {2002}
}
@inproceedings{Schuster2003,
    author = {Schuster, HF and Weidner, Uwe},
    booktitle = {Challenges in Geospatial Analysis},
    file = {:home/ethiy/Documents/Mendeley Desktop/2003/Schuster, Weidner/Schuster, Weidner{\_}2003{\_}A new approach towards quantitative quality evaluation of 3D building models.pdf:pdf},
    keywords = {building models,quality measures,quantitative evaluation},
    number = {January 2003},
    title = {{A new approach towards quantitative quality evaluation of 3D building models}},
    url = {http://www.ipb.uni-bonn.de/fileadmin/publication/pdf/Appel2003New.pdf},
    year = {2003}
}
@article{T.2012,
    author = {T., Landes and P., Grussenmeyer and H., Boulaassal and M., Mohamed},
    doi = {10.5194/isprsarchives-XXXIX-B2-95-2012},
    file = {:home/ethiy/Documents/Mendeley Desktop/2012/T. et al/T. et al.{\_}2012{\_}Assessment of three-dimensional models derived from lidar and TLS data.pdf:pdf},
    issn = {1682-1777},
    journal = {International Archives of the Photogrammetry, Remote Sensing and Spatial Information Sciences - ISPRS Archives},
    keywords = {Accuracy; Assessment; Precision; Three-dimensiona,Image quality; Laser applications; Optical radar;,Surveying instruments},
    number = {September},
    pages = {95--100},
    title = {{Assessment of three-dimensional models derived from lidar and TLS data}},
    url = {http://www.scopus.com/inward/record.url?eid=2-s2.0-84899921915{\&}partnerID=40{\&}md5=43a75e662da9a4f74a963f1a260661bf},
    volume = {39},
    year = {2012}
}
@article{Taillandier2005,
    author = {Taillandier, F},
    file = {:home/ethiy/Documents/Mendeley Desktop/2005/Taillandier/Taillandier{\_}2005{\_}Automatic Building Reconstruction from Cadastral Maps and Aerial Images.pdf:pdf},
    journal = {International Archives of Photogrammetry and Remote Sensing},
    keywords = {aerial,automation,building,cadastral maps,image,modeling,photogrammetry,reconstruction,systems},
    pages = {105--110},
    title = {{Automatic Building Reconstruction from Cadastral Maps and Aerial Images}},
    volume = {XXXVI},
    year = {2005}
}
@article{Taillandier2004,
    author = {Taillandier, Franck and Deriche, Rachid},
    file = {:home/ethiy/Documents/Mendeley Desktop/2004/Taillandier, Deriche/Taillandier, Deriche{\_}2004{\_}Automatic buildings reconstruction from aerial images a generic bayesian framework.pdf:pdf},
    journal = {Proceedings of the XXth ISPRS Congress},
    keywords = {aerial,automation,building,image,modeling,photogrammetry,reconstruction,systems},
    number = {3A},
    title = {{Automatic buildings reconstruction from aerial images: a generic bayesian framework}},
    url = {http://www.isprs.org/proceedings/XXXV/congress/comm3/papers/292.pdf},
    volume = {35},
    year = {2004}
}
@inproceedings{Verma2006,
    author = {Verma, Vivek and Kumar, Rakesh and Hsu, Stephen},
    booktitle = {Conference on Computer Vision and Pattern Recognition},
    title = {{3D building detection and modeling from aerial LIDAR data}},
    year = {2006}
}
@article{vogtle2003quality,
  title={On the quality of object classification and automated building modeling based on laser scanning data},
  author={V{\"o}gtle, T and Steinle, E},
  journal={The International Archives of Photogrammetry, Remote Sensing and Spatial Information Sciences},
  volume={34},
  number={Part 3},
  pages={W13},
  year={2003}
}
@article{Wate2015,
    author = {Wate, Parag and Coors, Volker},
    doi = {10.1016/j.egypro.2015.11.753},
    file = {:home/ethiy/Documents/Mendeley Desktop/2015/Wate, Coors/Wate, Coors{\_}2015{\_}3D data models for urban energy simulation.pdf:pdf},
    isbn = {0000000000},
    issn = {18766102},
    journal = {Energy Procedia},
    keywords = {CityGML,Data sensitivity,Heating energy demand,Level-of-detail,Urban energy data model},
    number = {0},
    pages = {3372--3377},
    publisher = {Elsevier B.V.},
    title = {{3D data models for urban energy simulation}},
    url = {http://dx.doi.org/10.1016/j.egypro.2015.11.753},
    volume = {78},
    year = {2015}
}
@article{Wong2016,
    author = {Wong, K. and Ellul, C.},
    doi = {10.5194/isprs-annals-IV-2-W1-129-2016},
    file = {:home/ethiy/Documents/Mendeley Desktop/2016/Wong, Ellul/Wong, Ellul{\_}2016{\_}USING GEOMETRY-BASED METRICS AS PART of FITNESS-FOR-PURPOSE EVALUATIONS of 3D CITY MODELS.pdf:pdf},
    issn = {21949050},
    journal = {ISPRS Annals of the Photogrammetry, Remote Sensing and Spatial Information Sciences},
    keywords = {3d city models,3d data quality,3d fitness-for-purpose,3d geoinformation,3d gis,geometric complexity},
    number = {October},
    pages = {129--136},
    title = {{USING GEOMETRY-BASED METRICS AS PART of FITNESS-FOR-PURPOSE EVALUATIONS of 3D CITY MODELS}},
    volume = {4},
    year = {2016}
}
@article{Zeng2014,
    author = {Zeng, Chuiqing and Member, Student and Zhao, Ting and Wang, Jinfei},
    file = {:home/ethiy/Documents/Mendeley Desktop/2014/Zeng et al/Zeng et al.{\_}2014{\_}A Multicriteria Evaluation Method for 3-D Building Reconstruction.pdf:pdf},
    journal = {IEEE Geoscience and Remote Sensing Letters},
    number = {9},
    pages = {1619--1623},
    title = {{A multicriteria evaluation method for 3D building reconstruction}},
    volume = {11},
    year = {2014}
}
@incollection{kolbe2005citygml,
    title={{CityGML: Interoperable access to 3D city models}},
    author={Kolbe, Thomas H and Gr{\"o}ger, Gerhard and Pl{\"u}mer, Lutz},
    booktitle={Geo-information for disaster management},
    pages={883--899},
    year={2005},
    publisher={Springer}
}
@article{taillandier2004reconstruction,
    title={Reconstruction automatique de b{\^a}timents {\`a} partir d’images a{\'e}riennes: une approche probabiliste g{\'e}n{\'e}rique},
    author={Taillandier, F and Deriche, R},
    journal={Actes du 14{\`e}me Congr{\`e}s Francophone AFRIF-AFIA de Reconnaissance des Formes et Intelligence Artificielle, Toulouse, France},
    year={2004}
}
@article{brechbuhler1995parametrization,
    title={Parametrization of closed surfaces for 3-D shape description},
    author={Brechb{\"u}hler, Ch and Gerig, Guido and K{\"u}bler, Olaf},
    journal={Computer vision and image understanding},
    volume={61},
    number={2},
    pages={154--170},
    year={1995},
    publisher={Elsevier}
}
@article{rottensteiner2014results,
    title={{Results of the ISPRS benchmark on urban object detection and 3D building reconstruction}},
    author={Rottensteiner, Franz and Sohn, Gunho and Gerke, Markus and Wegner, Jan Dirk and Breitkopf, Uwe and Jung, Jaewook},
    journal={ISPRS Journal of Photogrammetry and Remote Sensing},
    volume={93},
    pages={256--271},
    year={2014},
    publisher={Elsevier}
}
@article{breiman2001random,
    title={Random forests},
    author={Breiman, Leo},
    journal={Machine Learning},
    volume={45},
    number={1},
    pages={5--32},
    year={2001},
    publisher={Springer}
}
@inproceedings{nguatem2017modeling,
    title={Modeling Urban Scenes From Pointclouds},
    author={Nguatem, William and Mayer, Helmut},
    booktitle={International Conference on Computer Vision},
    year={2017}
}
@article{berger2013benchmark,
    title={A benchmark for surface reconstruction},
    author={Berger, Matthew and Levine, Joshua A and Nonato, Luis Gustavo and Taubin, Gabriel and Silva, Claudio T},
    journal={ACM Transactions on Graphics},
    volume={32},
    number={2},
    pages={20},
    year={2013},
    publisher={ACM}
}
@incollection{kolbe2005citygml,
    title={{CityGML: Interoperable access to 3D city models}},
    author={Kolbe, Thomas H and Gr{\"o}ger, Gerhard and Pl{\"u}mer, Lutz},
    booktitle={Geo-information for disaster management},
    pages={883--899},
    year={2005},
    publisher={Springer}
}
@book{ohori2016higher,
    title={Higher-dimensional modelling of geographic information},
    author={Ohori, Ken Arroyo},
    year={2016},
    publisher={Lulu. com}
}
@inproceedings{li2016boxfitting,
    title = {Manhattan-world Urban Reconstruction from Point Clouds},
    author = {Li, Minglei and Wonka, Peter and Nan, Liangliang},
    booktitle = {European Conference on Computer Vision},
    year = {2016}
}
@article{2016_ceus_improved_lod,
    author = {Biljecki, Filip and Ledoux, Hugo and Stoter, Jantien},
    title = {{An improved LOD specification for 3D building models}},
    journal = {Computers, Environment and Urban Systems},
    year = {2016},
    volume = {59},
    pages = {25--37},
    doi = {10.1016/j.compenvurbsys.2016.04.005}
}
@article{verdie2015lod,
  title={{LoD generation for urban scenes}},
  author={Verdie, Yannick and Lafarge, Florent and Alliez, Pierre},
  journal={ACM Transactions on Graphics},
  volume={34},
  pages={30},
  year={2015},
  publisher={Association for Computing Machinery}
}
@article{ledoux2018val3dity,
  title={{val3dity: validation of 3D GIS primitives according to the international standards}},
  author={Ledoux, Hugo},
  journal={Open Geospatial Data, Software and Standards},
  volume={3},
  number={1},
  pages={1},
  year={2018},
  publisher={Nature Publishing Group}
}
@incollection{cgal:k-ps-18a
, author =  "Lutz Kettner"
, title =   "{3D} Polyhedral Surface"
, publisher =  "{CGAL Editorial Board}"
, edition =     "{4.12}"
, booktitle =   "{CGAL} User and Reference Manual"
, url = "https://doc.cgal.org/4.12/Manual/packages.html#PkgPolyhedronSummary"
, year =        2018
}
@incollection{cgal:lty-pmp-18a
, author =  "S{\'e}bastien Loriot and Jane Tournois and Ilker O. Yaz"
, title =   "Polygon Mesh Processing"
, publisher =  "{CGAL Editorial Board}"
, edition =     "{4.12}"
, booktitle =   "{CGAL} User and Reference Manual"
, url = "https://doc.cgal.org/4.12/Manual/packages.html#PkgPolygonMeshProcessingSummary"
, year =        2018
}
@incollection{cgal:gw-p2-18a
, author =  "Geert-Jan Giezeman and Wieger Wesselink"
, title =   "{2D} Polygons"
, publisher =  "{CGAL Editorial Board}"
, edition =     "{4.12}"
, booktitle =   "{CGAL} User and Reference Manual"
, url = "https://doc.cgal.org/4.12/Manual/packages.html#PkgPolygon2Summary"
, year =        2018
}
@article{canny1986computational,
  title={A computational approach to edge detection},
  author={Canny, John},
  journal={IEEE Transactions on Pattern Analysis and Machine Intelligence},
  number={6},
  volume={8},
  pages={679--698},
  year={1986},
  publisher={IEEE}
}
@inproceedings{Zhou2012,
author = {Zhou, Qian Yi and Neumann, Ulrich},
booktitle = {Conference on Computer Vision and Pattern Recognition},
title = {{2.5D building modeling by discovering global regularities}},
year = {2012}
}
@article{dick2004modelling,
  title={Modelling and interpretation of architecture from several images},
  author={Dick, Anthony R and Torr, Philip HS and Cipolla, Roberto},
  journal={International Journal of Computer Vision},
  volume={60},
  number={2},
  pages={111--134},
  year={2004},
  publisher={Springer}
}
@inproceedings{zebedin2008fusion,
  title={Fusion of feature-and area-based information for urban buildings modeling from aerial imagery},
  author={Zebedin, Lukas and Bauer, Joachim and Karner, Konrad and Bischof, Horst},
  booktitle={European Conference on Computer Vision},
  year={2008},
}
@article{jaynes2003recognition,
  title={Recognition and reconstruction of buildings from multiple aerial images},
  author={Jaynes, Christopher and Riseman, Edward and Hanson, Allen},
  journal={Computer Vision and Image Understanding},
  volume={90},
  number={1},
  pages={68--98},
  year={2003},
  publisher={Elsevier}
}
@inproceedings{nan2017polyfit,
  title={Polyfit: Polygonal surface reconstruction from point clouds},
  author={Nan, Liangliang and Wonka, Peter},
  booktitle={International Conference on Computer Vision, Venice, Italy},
  year={2017}
}
@article{neis2012towards,
  title={Towards automatic vandalism detection in OpenStreetMap},
  author={Neis, Pascal and Goetz, Marcus and Zipf, Alexander},
  journal={ISPRS International Journal of Geo-Information},
  volume={1},
  number={3},
  pages={315--332},
  year={2012},
  publisher={Multidisciplinary Digital Publishing Institute}
}
@article{taneja2015geometric,
  title={Geometric change detection in urban environments using images},
  author={Taneja, Aparna and Ballan, Luca and Pollefeys, Marc},
  journal={IEEE Transactions on Pattern Analysis and Machine Intelligence},
  volume={37},
  number={11},
  pages={2193--2206},
  year={2015},
  publisher={IEEE}
}
@inproceedings{kowdle2011active,
  title={Active learning for piecewise planar 3d reconstruction},
  author={Kowdle, Adarsh and Chang, Yao-Jen and Gallagher, Andrew and Chen, Tsuhan},
  booktitle={Conference on Computer Vision and Pattern Recognition },
  year={2011},
}
@article{kovashka2016crowdsourcing,
  title={Crowdsourcing in computer vision},
  author={Kovashka, Adriana and Russakovsky, Olga and Fei-Fei, Li and Grauman, Kristen and others},
  journal={Foundations and Trends in Computer Graphics and Vision},
  volume={10},
  number={3},
  pages={177--243},
  year={2016},
  publisher={Now Publishers, Inc.}
}
@book{criminisi2013decision,
  title={Decision forests for computer vision and medical image analysis},
  author={Criminisi, Antonio and Shotton, Jamie},
  year={2013},
  publisher={Springer Science \& Business Media}
}
@article{ortner2007building,
  title={Building outline extraction from digital elevation models using marked point processes},
  author={Ortner, Mathias and Descombes, Xavier and Zerubia, Josiane},
  journal={International Journal of Computer Vision},
  volume={72},
  number={2},
  pages={107--132},
  year={2007},
  publisher={Springer}
}
