@article{boudet2006supervised,
	title={{A supervised classification approach towards quality self-diagnosis of 3D building models using digital aerial imagery}},
	author={Boudet, Laurence and others},
	journal={IArPRS},
	volume={36},
	number={3},
	pages={136--141},
	year={2006}
}
@article{Akca2010,
    author = {Akca, Devrim and others},
    journal = {The Photogrammetric Record},
    number = {132},
    pages = {339--355},
    title = {{Quality assessment of 3D building data}},
    volume = {25},
    year = {2010}
}
@article{OudeElberink2010,
    author = {{Oude Elberink}, Sander},
    journal = {IAnPRS},
    pages = {198--203},
    title = {{Quality measures for building reconstruction from airborne laser scanner data}},
    volume = {XXXVIII},
    year = {2010}
}
@article{Michelin2013,
    author = {Michelin, J.-C. and others},
    journal = {ISPRS Annals of the Photogrammetry, Remote Sensing and Spatial Information Sciences},
    pages = {161--166},
    title = {{Quality evaluation of 3D city building models with automatic error diagnosis}},
    volume = {XL-7/W2},
    year = {2013}
}
@article{Biljecki2015,
    author = {Biljecki, Filip and others},
    journal = {IJGI},
    number = {4},
    pages = {2842--2889},
    title = {{Applications of 3D city models: state of the art review}},
    volume = {4},
    year = {2015}
}
@article{Henricsson1997,
    author = {Henricsson, O. and Baltsavias, E.},
    journal = {Automatic Extraction of Man-Made Objects from Aerial and Space Images},
    pages = {65--76},
    title = {{3-D Building reconstruction with ARUBA: a qualitative and quantitative evaluation}},
    year = {1997}
}
@article{vogtle2003quality,
  title={On the quality of object classification and automated building modeling based on laser scanning data},
  author={V{\"o}gtle, T and Steinle, E},
  journal={IArPRS},
  volume={34},
  number={Part 3},
  pages={W13},
  year={2003}
}
@article{Musialski2012,
    author = {Musialski, Przemyslaw and others},
    journal = {EUROGRAPHICS 2012 State of the Art Reports},
    pages = {1--28},
    title = {{A survey of urban reconstruction}},
    volume = {XX},
    year = {2012}
}
